@inproceedings{moulon2016openmvg,
  title={Open{MVG}: Open multiple view geometry},
  author={Moulon, Pierre and Monasse, Pascal and Perrot, Romuald and Marlet, Renaud},
  booktitle={International Workshop on Reproducible Research in Pattern Recognition},
  pages={60--74},
  year={2016},
  organization={Springer}
}

@online{ImgDataSet,
  author = {Romuald Perrot},
  title = {Reconstruction Dataset},
  year = 2017,
  url = {https://github.com/rperrot/ReconstructionDataSet/tree/master/EchillaisChurch},
  urldate = {2021-12-18}
}