@article{art1,
  title={Performance comparison of various feature descriptors in object category detection application using SVM classifier},
  author={Kavitha, BR and Ramya, G and Priya, G},
  year={2019}
}

@inproceedings{tareen2018comparative,
  title={A comparative analysis of sift, surf, kaze, akaze, orb, and brisk},
  author={Tareen, Shaharyar Ahmed Khan and Saleem, Zahra},
  booktitle={2018 International conference on computing, mathematics and engineering technologies (iCoMET)},
  pages={1--10},
  year={2018},
  organization={IEEE}
}

@article{lipson2021raft,
  title={{RAFT-Stereo: Multilevel Recurrent Field Transforms for Stereo Matching}},
  author={Lipson, Lahav and Teed, Zachary and Deng, Jia},
  journal={arXiv preprint arXiv:2109.07547},
  year={2021}
}

@inproceedings{teed2020raft,
  title={Raft: Recurrent all-pairs field transforms for optical flow},
  author={Teed, Zachary and Deng, Jia},
  booktitle={European conference on computer vision},
  pages={402--419},
  year={2020},
  organization={Springer}
}